<?xml version="1.0" encoding="UTF-8"?><collection xmlns="http://www.loc.gov/MARC21/slim"><record><leader>00367nam--2200121-i-4500</leader><controlfield tag="001">000027838</controlfield><controlfield tag="002">20161230</controlfield><controlfield tag="005">20161230201037</controlfield><controlfield tag="008">060222s1000------------r-----000-0-eng-d</controlfield><datafield ind1=" " ind2=" " tag="100"><subfield code="a">Krug, Wolfgang And Lau, Ernst</subfield></datafield><datafield ind1=" " ind2=" " tag="245"><subfield code="a">Equidensitometry.methods of two-dimensional photometry, principles and field of application</subfield></datafield><datafield ind1=" " ind2=" " tag="260"><subfield code="a">London, The Focal Library</subfield></datafield><datafield ind1=" " ind2=" " tag="852"><subfield code="a">34216</subfield></datafield></record></collection>